@article{Bueno:2007um,
      author         = "Bueno, A. and Dai, Z. and Ge, Y. and Laffranchi, M. and
                        Melgarejo, A. J. and Meregaglia, A. and Navas, Sergio and
                        Rubbia, A.",
      title          = "{Nucleon decay searches with large liquid argon TPC
                        detectors at shallow depths: Atmospheric neutrinos and
                        cosmogenic backgrounds}",
      journal        = "JHEP",
      volume         = "04",
      year           = "2007",
      pages          = "041",
      doi            = "10.1088/1126-6708/2007/04/041",
      eprint         = "hep-ph/0701101",
      archivePrefix  = "arXiv",
      primaryClass   = "hep-ph",
      SLACcitation   = "%%CITATION = HEP-PH/0701101;%%"
}

@article{Adams:2013qkq,
      author         = "Adams, C. and others",
      title          = "{The Long-Baseline Neutrino Experiment: Exploring
                        Fundamental Symmetries of the Universe}",
      collaboration  = "LBNE",
      year           = "2013",
      eprint         = "1307.7335",
      archivePrefix  = "arXiv",
      primaryClass   = "hep-ex",
      reportNumber   = "BNL-101354-2013-JA, BNL-101354-2014-JA,
                        FERMILAB-PUB-14-022, LA-UR-14-20881",
      SLACcitation   = "%%CITATION = ARXIV:1307.7335;%%",
}

@article{Acciarri:2014isz,
      author         = "Acciarri, R. and others",
      title          = "{Measurements of Inclusive Muon Neutrino and Antineutrino
                        Charged Current Differential Cross Sections on Argon in
                        the NuMI Antineutrino Beam}",
      collaboration  = "ArgoNeuT",
      journal        = "Phys. Rev.",
      volume         = "D89",
      year           = "2014",
      number         = "11",
      pages          = "112003",
      doi            = "10.1103/PhysRevD.89.112003",
      eprint         = "1404.4809",
      archivePrefix  = "arXiv",
      primaryClass   = "hep-ex",
      reportNumber   = "FERMILAB-PUB-14-104-E",
      SLACcitation   = "%%CITATION = ARXIV:1404.4809;%%"
}
@article{Akiri:2011dv,
      author         = "Akiri, T. and others",
      title          = "{The 2010 Interim Report of the Long-Baseline Neutrino
                        Experiment Collaboration Physics Working Groups}",
      collaboration  = "LBNE",
      year           = "2011",
      eprint         = "1110.6249",
      archivePrefix  = "arXiv",
      primaryClass   = "hep-ex",
      reportNumber   = "FERMILAB-FN-0941-PPD, LBNE-PWG-004",
      SLACcitation   = "%%CITATION = ARXIV:1110.6249;%%"
}